@inproceedings{wright2002analysis,
  title={An Analysis of the Degradation of Anonymous Protocols.},
  author={Wright, Matthew and Adler, Micah and Levine, Brian Neil and Shields, Clay},
  booktitle={NDSS},
  volume={2},
  pages={39--50},
  year={2002}
}

@inproceedings{waidner1989unconditional,
  title={Unconditional sender and recipient untraceability in spite of active attacks},
  author={Waidner, Michael},
  booktitle={Workshop on the Theory and Application of of Cryptographic Techniques},
  pages={302--319},
  year={1989},
  organization={Springer}
}

@inproceedings{goldschlag1996hiding,
  title={Hiding routing information},
  author={Goldschlag, David M and Reed, Michael G and Syverson, Paul F},
  booktitle={International Workshop on Information Hiding},
  pages={137--150},
  year={1996},
  organization={Springer}
}

@techreport{camenisch1997proof,
  title={Proof systems for general statements about discrete logarithms},
  author={Camenisch, Jan and Stadler, Markus},
  year={1997},
  institution={Citeseer}
}


@inproceedings{pedersen1991non,
  title={Non-interactive and information-theoretic secure verifiable secret sharing},
  author={Pedersen, Torben Pryds},
  booktitle={Annual International Cryptology Conference},
  pages={129--140},
  year={1991},
  organization={Springer}
}


@article{corrigan2012proactively,
  title={Proactively accountable anonymous messaging in Verdict},
  author={Corrigan-Gibbs, Henry and Wolinsky, David Isaac and Ford, Bryan},
  journal={arXiv preprint arXiv:1209.4819},
  year={2012}
}

@inproceedings{golle2004dining,
  title={Dining cryptographers revisited},
  author={Golle, Philippe and Juels, Ari},
  booktitle={Advances in Cryptology-Eurocrypt 2004},
  pages={456--473},
  year={2004},
  organization={Springer}
}

@article{franck2014dining,
  title={Dining Cryptographers are Practical},
  author={Franck, Christian and van de Graaf, Jeroen},
  journal={arXiv preprint arXiv:1402.2269},
  year={2014}
}

@article{chaum1988dining,
  title={The dining cryptographers problem: Unconditional sender and recipient untraceability},
  author={Chaum, David},
  journal={Journal of cryptology},
  volume={1},
  number={1},
  pages={65--75},
  year={1988},
  publisher={Springer}
}

@techreport{goel2003herbivore,
  title={Herbivore: A scalable and efficient protocol for anonymous communication},
  author={Goel, Sharad and Robson, Mark and Polte, Milo and Sirer, Emin},
  year={2003},
  institution={Cornell University}
}

@article{reed1998anonymous,
  title={Anonymous connections and onion routing},
  author={Reed, Michael G and Syverson, Paul F and Goldschlag, David M},
  journal={Selected Areas in Communications, IEEE Journal on},
  volume={16},
  number={4},
  pages={482--494},
  year={1998},
  publisher={IEEE}
}

@article{chaum1981untraceable,
  title={Untraceable electronic mail, return addresses, and digital pseudonyms},
  author={Chaum, David L},
  journal={Communications of the ACM},
  volume={24},
  number={2},
  pages={84--90},
  year={1981},
  publisher={ACM}
}

@article{Chaum:1985:SWI:4372.4373,
 author = {Chaum, David},
 title = {Security Without Identification: Transaction Systems to Make Big Brother Obsolete},
 journal = {Commun. ACM},
 volume = {28},
 number = {10},
 year = {1985},
 pages = {1030--1044},
 url = {http://doi.acm.org/10.1145/4372.4373},
 publisher = {ACM},
} 

@article{diffie1976new,
  title={New directions in cryptography},
  author={Diffie, Whitfield and Hellman, Martin},
  journal={IEEE transactions on Information Theory},
  volume={22},
  number={6},
  pages={644--654},
  year={1976},
  publisher={IEEE}
}

@inproceedings{corrigan2010dissent,
  title={Dissent: accountable anonymous group messaging},
  author={Corrigan-Gibbs, Henry and Ford, Bryan},
  booktitle={Proceedings of the 17th ACM conference on Computer and communications security},
  pages={340--350},
  year={2010},
  organization={ACM}
}

@inproceedings{wolinsky2012dissent,
  title={Dissent in Numbers: Making Strong Anonymity Scale.},
  author={Wolinsky, David Isaac and Corrigan-Gibbs, Henry and Ford, Bryan and Johnson, Aaron},
  booktitle={OSDI},
  pages={179--182},
  year={2012}
}

@techreport{wolinsky2012scalable,
  title={Scalable anonymous group communication in the anytrust model},
  author={Wolinsky, David I and Corrigan-Gibbs, Henry and Ford, Bryan and Johnson, Aaron},
  year={2012},
  institution={DTIC Document}
}

@article{kwon2016riffle,
  title={Riffle},
  author={Kwon, Albert and Lazar, David and Devadas, Srinivas and Ford, Bryan},
  journal={Proceedings on Privacy Enhancing Technologies},
  volume={2016},
  number={2},
  pages={115--134},
  year={2016}
}

@inproceedings{van2015vuvuzela,
  title={Vuvuzela: Scalable private messaging resistant to traffic analysis},
  author={Van Den Hooff, Jelle and Lazar, David and Zaharia, Matei and Zeldovich, Nickolai},
  booktitle={Proceedings of the 25th Symposium on Operating Systems Principles},
  pages={137--152},
  year={2015},
  organization={ACM}
}

@inproceedings{corrigan2015riposte,
  title={Riposte: An anonymous messaging system handling millions of users},
  author={Corrigan-Gibbs, Henry and Boneh, Dan and Mazi{\`e}res, David},
  booktitle={Security and Privacy (SP), 2015 IEEE Symposium on},
  pages={321--338},
  year={2015},
  organization={IEEE}
}

@inproceedings{chor1995private,
  title={Private information retrieval},
  author={Chor, Benny and Goldreich, Oded and Kushilevitz, Eyal and Sudan, Madhu},
  booktitle={Foundations of Computer Science, 1995. Proceedings., 36th Annual Symposium on},
  pages={41--50},
  year={1995},
  organization={IEEE}
}

@inproceedings{Demers:1987:EAR:41840.41841,
 author = {Demers, Alan and Greene, Dan and Hauser, Carl and Irish, Wes and Larson, John and Shenker, Scott and Sturgis, Howard and Swinehart, Dan and Terry, Doug},
 title = {Epidemic Algorithms for Replicated Database Maintenance},
 booktitle = {Proceedings of the Sixth Annual ACM Symposium on Principles of Distributed Computing},
 series = {PODC '87},
 year = {1987},
 isbn = {0-89791-239-X},
 location = {Vancouver, British Columbia, Canada},
 pages = {1--12},
 numpages = {12},
 url = {http://doi.acm.org/10.1145/41840.41841},
 doi = {10.1145/41840.41841},
 acmid = {41841},
 publisher = {ACM},
 address = {New York, NY, USA},
} 